<?xml version="1.0" encoding="UTF-8"?>
<marc:collection xmlns:marc="http://www.loc.gov/MARC21/slim" xmlns:xsi="http://www.w3.org/2001/XMLSchema-instance" xsi:schemaLocation="http://www.loc.gov/MARC21/slim http://www.loc.gov/standards/marcxml/schema/MARC21slim.xsd">
   <marc:record type="Bibliographic">
      <marc:leader>02171cam a2200397 a 4500</marc:leader>
      <marc:controlfield tag="001">774923</marc:controlfield>
      <marc:controlfield tag="003">NjP</marc:controlfield>
      <marc:controlfield tag="005">20130515152527.0</marc:controlfield>
      <marc:controlfield tag="008">921209s1892    ti      r     000 0 ara d</marc:controlfield>
      <marc:datafield tag="024" ind1="7" ind2=" ">
         <marc:subfield code="a">princeton_aco000258</marc:subfield>
         <marc:subfield code="2">local</marc:subfield>
      </marc:datafield>
      <marc:datafield tag="035" ind1=" " ind2=" ">
         <marc:subfield code="a">(OCoLC)ocn176690655</marc:subfield>
      </marc:datafield>
      <marc:datafield tag="035" ind1=" " ind2=" ">
         <marc:subfield code="a">(OCoLC)176690655</marc:subfield>
      </marc:datafield>
      <marc:datafield tag="035" ind1=" " ind2=" ">
         <marc:subfield code="a">(CStRLIN)NJPG92-B68241</marc:subfield>
      </marc:datafield>
      <marc:datafield tag="035" ind1=" " ind2=" ">
         <marc:subfield code="9">ADQ9263TS</marc:subfield>
      </marc:datafield>
      <marc:datafield tag="035" ind1=" " ind2=" ">
         <marc:subfield code="a">(NjP)774923</marc:subfield>
      </marc:datafield>
      <marc:datafield tag="040" ind1=" " ind2=" ">
         <marc:subfield code="a">NjP</marc:subfield>
         <marc:subfield code="c">PUL</marc:subfield>
         <marc:subfield code="d">PUL</marc:subfield>
      </marc:datafield>
      <marc:datafield tag="049" ind1=" " ind2=" ">
         <marc:subfield code="a">PULL</marc:subfield>
      </marc:datafield>
      <marc:datafield tag="079" ind1=" " ind2=" ">
         <marc:subfield code="a">ocm27152111</marc:subfield>
      </marc:datafield>
      <marc:datafield tag="100" ind1="1" ind2=" ">
         <marc:subfield code="6">880-01</marc:subfield>
         <marc:subfield code="a">Ibn ʻAzzūz, Muḥammad Makkī ibn Muṣṭafá,</marc:subfield>
         <marc:subfield code="d">1853 or 1854-1915 or 1916.</marc:subfield>
      </marc:datafield>
      <marc:datafield tag="240" ind1="1" ind2="0">
         <marc:subfield code="6">880-02</marc:subfield>
         <marc:subfield code="a">Sayf al-rabbānī fī ʻunuq al-muʻtariḍ ʻalá al-Ghawth al-Jīlānī</marc:subfield>
      </marc:datafield>
      <marc:datafield tag="245" ind1="1" ind2="0">
         <marc:subfield code="6">880-03</marc:subfield>
         <marc:subfield code="a">Hādhihi risālah mawsūmah bi-al-Sayf al-rabbānī fī ʻunuq al-muʻtariḍ ʻalá al-Ghawth al-Jīlānī /</marc:subfield>
         <marc:subfield code="c">taʼlīf Muḥammad Makkī ibn Muṣṭafá ibn ʻAzzūz.</marc:subfield>
      </marc:datafield>
      <marc:datafield tag="260" ind1=" " ind2=" ">
         <marc:subfield code="6">880-04</marc:subfield>
         <marc:subfield code="a">[Tunis] :</marc:subfield>
         <marc:subfield code="b">al-Maṭbaʻah al-Rasmīyah al-Tūnisīyah,</marc:subfield>
         <marc:subfield code="c">1310 [1892 or 1893]</marc:subfield>
      </marc:datafield>
      <marc:datafield tag="300" ind1=" " ind2=" ">
         <marc:subfield code="a">184 p. ;</marc:subfield>
         <marc:subfield code="c">25 cm.</marc:subfield>
      </marc:datafield>
      <marc:datafield tag="533" ind1=" " ind2=" ">
         <marc:subfield code="a">Photocopy.</marc:subfield>
         <marc:subfield code="b">[Austin, TX] :</marc:subfield>
         <marc:subfield code="c">Booklab, Inc.,</marc:subfield>
         <marc:subfield code="d">1991.</marc:subfield>
         <marc:subfield code="7">s1991    txun r</marc:subfield>
      </marc:datafield>
      <marc:datafield tag="600" ind1="0" ind2="0">
         <marc:subfield code="6">880-05</marc:subfield>
         <marc:subfield code="a">ʻAbd al-Qādir al-Jīlānī,</marc:subfield>
         <marc:subfield code="d">-1166.</marc:subfield>
      </marc:datafield>
      <marc:datafield tag="740" ind1="0" ind2=" ">
         <marc:subfield code="6">880-06</marc:subfield>
         <marc:subfield code="a">Sayf al-rabbānī fī ʻunuq al-muʻtariḍ ʻalá al-Ghawth al-Jīlānī.</marc:subfield>
      </marc:datafield>
      <marc:datafield tag="880" ind1="1" ind2=" ">
         <marc:subfield code="6">100-01/r</marc:subfield>
         <marc:subfield code="a">ابن عزوز، محمد مكي بن مصطفى،</marc:subfield>
         <marc:subfield code="d">1853 or 1854-1915 or 1916.</marc:subfield>
      </marc:datafield>
      <marc:datafield tag="880" ind1="1" ind2="0">
         <marc:subfield code="6">240-02/r</marc:subfield>
         <marc:subfield code="a">سيف الرباني في عنق المعترض على الغوث الجيلاني</marc:subfield>
      </marc:datafield>
      <marc:datafield tag="880" ind1="1" ind2="0">
         <marc:subfield code="6">245-03/r</marc:subfield>
         <marc:subfield code="a">هذه رسالة موسومة بالسيف الرباني في عنق المعترض على الغوث الجيلاني /</marc:subfield>
         <marc:subfield code="c">تأليف محمد مكي بن مصطفى بن عزوز.</marc:subfield>
      </marc:datafield>
      <marc:datafield tag="880" ind1=" " ind2=" ">
         <marc:subfield code="6">260-04/r</marc:subfield>
         <marc:subfield code="a">[تونس] :</marc:subfield>
         <marc:subfield code="b">المطبعة الرسمية التونسية،</marc:subfield>
         <marc:subfield code="c">1310 [1892 or 1893]</marc:subfield>
      </marc:datafield>
      <marc:datafield tag="880" ind1="0" ind2="4">
         <marc:subfield code="6">600-05/r</marc:subfield>
         <marc:subfield code="a">عبد القادر الجيلاني،</marc:subfield>
         <marc:subfield code="d">-1166.</marc:subfield>
      </marc:datafield>
      <marc:datafield tag="880" ind1="0" ind2=" ">
         <marc:subfield code="6">740-06/r</marc:subfield>
         <marc:subfield code="a">سيف الرباني في عنق المعترض على الغوث الجيلاني.</marc:subfield>
      </marc:datafield>
      <marc:datafield tag="852" ind1="0" ind2=" ">
         <marc:subfield code="b">nec</marc:subfield>
         <marc:subfield code="h">PJ7755.A117</marc:subfield>
         <marc:subfield code="i">Z672 1892</marc:subfield>
         <marc:subfield code="p">875556</marc:subfield>
         <marc:subfield code="x">reclassed from: 2262.1105.566 1892</marc:subfield>
      </marc:datafield>
      <marc:datafield tag="998" ind1=" " ind2=" ">
         <marc:subfield code="a">12/11/92</marc:subfield>
         <marc:subfield code="s">9114</marc:subfield>
         <marc:subfield code="n">NjP</marc:subfield>
         <marc:subfield code="w">NJPG92B68241</marc:subfield>
         <marc:subfield code="d">12/09/92</marc:subfield>
         <marc:subfield code="c">JAB</marc:subfield>
         <marc:subfield code="b">JAB</marc:subfield>
         <marc:subfield code="i">921211</marc:subfield>
         <marc:subfield code="l">NJPG</marc:subfield>
      </marc:datafield>
      <marc:datafield tag="911" ind1=" " ind2=" ">
         <marc:subfield code="a">19921218</marc:subfield>
      </marc:datafield>
      <marc:datafield tag="912" ind1=" " ind2=" ">
         <marc:subfield code="a">19921211000000.0</marc:subfield>
      </marc:datafield>
      <marc:datafield tag="994" ind1=" " ind2=" ">
         <marc:subfield code="a">C0</marc:subfield>
         <marc:subfield code="b">PUL</marc:subfield>
      </marc:datafield>
      <marc:datafield tag="999" ind1=" " ind2=" ">
         <marc:subfield code="a">774923</marc:subfield>
      </marc:datafield>
   </marc:record>
</marc:collection>
